
@article{kleinberg2003bursty,
  title={Bursty and hierarchical structure in streams},
  author={Kleinberg, Jon},
  journal={Data Mining and Knowledge Discovery},
  volume={7},
  number={4},
  pages={373--397},
  year={2003},
  publisher={Springer}
}

@article{green2001dirty,
  title={Dirty pool},
  author={Green, Donald P and Kim, Soo Yeon and Yoon, David H},
  journal={International Organization},
  volume={55},
  number={2},
  pages={441--468},
  year={2001},
  publisher={Cambridge University Press}
}

@article{erikson2014dyadic,
  title={Dyadic analysis in international relations: {A} cautionary tale},
  author={Erikson, Robert S and Pinto, Pablo M and Rader, Kelly T},
  journal={Political Analysis},
  volume={22},
  number={4},
  pages={457--463},
  year={2014},
  publisher={Oxford University Press}
}

@article{poast2010mis,
  title={({M}is)using dyadic data to analyze multilateral events},
  author={Poast, Paul},
  journal={Political Analysis},
  volume={18},
  number={4},
  pages={403--425},
  year={2010},
  publisher={Oxford University Press}
}


@inproceedings{trivedi2017know,
  title={Know-evolve: {D}eep temporal reasoning for dynamic knowledge graphs},
  author={Trivedi, Rakshit and Dai, Hanjun and Wang, Yichen and Song, Le},
  booktitle={Proceedings of the 34th International Conference on Machine Learning-Volume 70},
  pages={3462--3471},
  year={2017},
  organization={JMLR. org}
}

@article{hoff2004modeling,
  title={Modeling dependencies in international relations networks},
  author={Hoff, Peter D and Ward, Michael D},
  journal={Political Analysis},
  volume={12},
  number={2},
  pages={160--175},
  year={2004},
  publisher={Cambridge University Press}
}

@article{hoff2015multilinear,
  title={Multilinear tensor regression for longitudinal relational data},
  author={Hoff, Peter D},
  journal={The annals of applied statistics},
  volume={9},
  number={3},
  pages={1169},
  year={2015},
  publisher={NIH Public Access}
}

@article{hoff2016equivariant,
  title={Equivariant and scale-free {T}ucker decomposition models},
  author={Hoff, Peter D and others},
  journal={Bayesian Analysis},
  volume={11},
  number={3},
  pages={627--648},
  year={2016},
  publisher={International Society for Bayesian Analysis}
}



@article{yuan2000bessel,
  title={On the {B}essel distribution and related problems},
  author={Yuan, Lin and Kalbfleisch, John D},
  journal={Annals of the Institute of Statistical Mathematics},
  volume={52},
  number={3},
  pages={438--447},
  year={2000},
  publisher={Springer}
}

@article{stewart2014latent,
  title={Latent factor regressions for the social sciences},
  author={Stewart, Brandon},
  journal={Harvard University: Department of Government Job Market Paper},
  year={2014},
  publisher={Citeseer}
}



@article{king2001explaining,
  title={Explaining rare events in international relations},
  author={King, Gary and Zeng, Langche},
  journal={International Organization},
  volume={55},
  number={3},
  pages={693--715},
  year={2001},
  publisher={Cambridge University Press}
}

@article{king2001proper,
  title={Proper nouns and methodological propriety: {P}ooling dyads in international relations data},
  author={King, Gary},
  journal={International Organization},
  volume={55},
  number={2},
  pages={497--507},
  year={2001},
  publisher={Cambridge University Press}
}

@article{makarov2010exact,
  title={Exact simulation of {B}essel diffusions},
  author={Makarov, Roman N and Glew, Devin},
  journal={Monte Carlo Methods and Applications},
  volume={16},
  number={3-4},
  pages={283--306},
  year={2010}
}

@article{nelder1972generalized,
  title={Generalized linear models},
  author={Nelder, John Ashworth and Wedderburn, Robert WM},
  journal={Journal of the Royal Statistical Society: Series A (General)},
  volume={135},
  number={3},
  pages={370--384},
  year={1972},
  publisher={Wiley Online Library}
}

@inproceedings{macke2011empirical,
  title={Empirical models of spiking in neural populations},
  author={Macke, Jakob H and Buesing, Lars and Cunningham, John P and Byron, M Yu and Shenoy, Krishna V and Sahani, Maneesh},
  booktitle={Advances in neural information processing systems},
  pages={1350--1358},
  year={2011}
}

@inproceedings{charlin2015dynamic,
  title={Dynamic {P}oisson factorization},
  author={Charlin, Laurent and Ranganath, Rajesh and McInerney, James and Blei, David M},
  booktitle={Proceedings of the 9th ACM Conference on Recommender Systems},
  pages={155--162},
  year={2015},
  organization={ACM}
}

@inproceedings{cemgil2007conjugate,
  title={Conjugate gamma {M}arkov random fields for modelling nonstationary sources},
  author={Cemgil, A Taylan and Dikmen, Onur},
  booktitle={International Conference on Independent Component Analysis and Signal Separation},
  pages={697--705},
  year={2007},
  organization={Springer}
}

@inproceedings{ranganath2015deep,
  title={Deep exponential families},
  author={Ranganath, Rajesh and Tang, Linpeng and Charlin, Laurent and Blei, David},
  booktitle={Artificial Intelligence and Statistics},
  pages={762--771},
  year={2015}
}

@article{jerfel2016dynamic,
  title={Dynamic collaborative filtering with compound {P}oisson factorization},
  author={Jerfel, Ghassen and Basbug, Mehmet E and Engelhardt, Barbara E},
  journal={arXiv preprint arXiv:1608.04839},
  year={2016}
}

@InProceedings{zhou2012augment-and-conquer,
  author =       {M. Zhou and L. Carin},
  title =        {Augment-and-Conquer Negative Binomial Processes},
  OPTcrossref =  {},
  OPTkey =       {},
  booktitle =    {Advances in Neural Information Processing Systems Twenty-Five},
  year =         {2012},
  OPTeditor =    {},
  OPTvolume =    {},
  OPTnumber =    {},
  OPTseries =    {},
  pages =        {2546--2554},
  OPTmonth =     {},
  OPTaddress =   {},
  OPTorganization = {},
  OPTpublisher = {},
  OPTnote =      {},
  OPTannote =    {}
}

@inproceedings{zhou2015poisson,
  title={The {P}oisson gamma belief network},
  author={Zhou, Mingyuan and Cong, Yulai and Chen, Bo},
  booktitle={Advances in Neural Information Processing Systems},
  pages={3043--3051},
  year={2015}
}

@article{acharya2015nonparametric,
  title={Nonparametric {B}ayesian Factor Analysis for Dynamic Count Matrices},
  author={A. Acharya and J. Ghosh and M. Zhou},
  journal={Proceedings of the 18th International Conference on Artificial Intelligence and Statistics},
  year={2015}
}

@inproceedings{yang2018dependent,
  title={Dependent relational gamma process models for longitudinal networks},
  author={Yang, Sikun and Koeppl, Heinz},
  booktitle={International Conference on Machine Learning},
  pages={5547--5556},
  year={2018}
}

@inproceedings{schein2016poisson,
  title={Poisson-Gamma dynamical systems},
  author={Schein, Aaron and Wallach, Hanna and Zhou, Mingyuan},
  booktitle={Advances in Neural Information Processing Systems},
  pages={5005--5013},
  year={2016}
}

@inproceedings{gong2017deep,
  title={Deep dynamic {P}oisson factorization model},
  author={Gong, Chengyue and others},
  booktitle={Advances in Neural Information Processing Systems},
  pages={1666--1674},
  year={2017}
}

@inproceedings{guo2018deep,
  title={Deep {P}oisson gamma dynamical systems},
  author={Guo, Dandan and Chen, Bo and Zhang, Hao and Zhou, Mingyuan},
  booktitle={Advances in Neural Information Processing Systems},
  pages={8442--8452},
  year={2018}
}

@article{brandt2012bayesian,
  title={A {B}ayesian {P}oisson vector autoregression model},
  author={Brandt, Patrick T and Sandler, Todd},
  journal={Political Analysis},
  volume={20},
  number={3},
  pages={292--315},
  year={2012},
  publisher={Cambridge University Press}
}

@article{hawkes1971spectra,
  title={Spectra of some self-exciting and mutually exciting point processes},
  author={Hawkes, Alan G},
  journal={Biometrika},
  volume={58},
  number={1},
  pages={83--90},
  year={1971},
  publisher={Oxford University Press}
}

@article{simma2012modeling,
  title={Modeling events with cascades of {P}oisson processes},
  author={Simma, Aleksandr and Jordan, Michael I},
  journal={arXiv preprint arXiv:1203.3516},
  year={2012}
}

@inproceedings{blundell2012modelling,
  title={Modelling reciprocating relationships with {H}awkes processes},
  author={Blundell, Charles and Beck, Jeff and Heller, Katherine A},
  booktitle={Advances in Neural Information Processing Systems},
  pages={2600--2608},
  year={2012}
}

@inproceedings{linderman2014discovering,
  title={Discovering latent network structure in point process data},
  author={Linderman, Scott and Adams, Ryan},
  booktitle={International Conference on Machine Learning},
  pages={1413--1421},
  year={2014}
}

@article{kalman1961new,
  title={New results in linear filtering and prediction theory},
  author={Kalman, Rudolph E and Bucy, Richard S},
  journal={Journal of basic engineering},
  volume={83},
  number={1},
  pages={95--108},
  year={1961},
  publisher={American Society of Mechanical Engineers}
}

@inproceedings{ghahramani1999learning,
  title={Learning nonlinear dynamical systems using an {EM} algorithm},
  author={Ghahramani, Zoubin and Roweis, Sam T},
  booktitle={Advances in neural information processing systems},
  pages={431--437},
  year={1999}
}

@Article{welling2001positive,
  author =       {M. Welling and M. Weber},
  title =        {Positive Tensor Factorization},
  journal =      {Pattern Recognition Letters},
  year =         {2001},
  OPTkey =       {},
  volume =       {22},
  number =       {12},
  pages =        {1255--1261},
  OPTmonth =     {},
  OPTnote =      {},
  OPTannote =    {}
}

@inproceedings{canny2004gap,
  title={{GaP}: {A} Factor Model for Discrete Data},
  author={J. Canny},
  booktitle={Proceedings of the 27th Annual International ACM SIGIR Conference on Research and Development in Information Retrieval},
  pages={122--129},
  year={2004}
}

@article{Dunson2005bayesianlatent,
  Author = {D.~B. Dunson and A.~H. Herring},
  Journal = {Biostatistics},
  Number = {1},
  Pages = {11--25},
  Publisher = {Biometrika Trust},
  Title = {Bayesian Latent Variable Models for Mixed Discrete Outcomes},
  Volume = {6},
  Year = {2005}}


@inproceedings{titsias2008infinite,
  title={The infinite gamma--{P}oisson feature model},
  author={Titsias, Michalis K.},
  booktitle={Advances in Neural Information Processing Systems 21},
  pages={1513--1520},
  year={2008}
}

@Article{cemgil2009bayesian,
  author =       {A.~T. Cemgil},
  title =        {Bayesian Inference for Nonnegative Matrix Factorisation Models},
  journal =      {Computational Intelligence and Neuroscience},
  year =         {2009},
  OPTkey =       {},
  OPTvolume =    {},
  OPTnumber =    {},
  OPTpages =     {},
  OPTmonth =     {},
  OPTnote =      {},
  OPTannote =    {}
}


@InProceedings{zhou2011beta,
  author =       {M. Zhou and L. Hannah and D. Dunson and L. Carin},
  title =        {Beta-Negative Binomial Process and {P}oisson Factor Analysis},
  OPTcrossref =  {},
  OPTkey =       {},
  booktitle =    {Proceedings of the 15th International Conference on Artificial Intelligence and Statistics},
  year =         {2012},
  OPTeditor =    {},
  OPTvolume =    {},
  OPTnumber =    {},
  OPTseries =    {},
  OPTpages =     {},
  OPTmonth =     {},
  OPTaddress =   {},
  OPTorganization = {},
  OPTpublisher = {},
  OPTnote =      {},
  OPTannote =    {}
}

@article{gopalan2013efficient,
  title={Efficient discovery of overlapping communities in massive networks},
  author={Gopalan, Prem K and Blei, David M},
  journal={Proceedings of the National Academy of Sciences},
  volume={110},
  number={36},
  pages={14534--14539},
  year={2013},
  publisher={National Acad Sciences}
}

@inproceedings{cichocki2007non,
  title={Non-negative tensor factorization using alpha and beta divergences},
  author={Cichocki, Andrzej and Zdunek, Rafal and Choi, Seungjin and Plemmons, Robert and Amari, Shun-Ichi},
  booktitle={Acoustics, Speech and Signal Processing, 2007. ICASSP 2007. IEEE International Conference on},
  volume={3},
  pages={III--1393},
  year={2007},
  organization={IEEE}
}

@article{kolda2009tensor,
  title={Tensor decompositions and applications},
  author={Kolda, Tamara G and Bader, Brett W},
  journal={SIAM review},
  volume={51},
  number={3},
  pages={455--500},
  year={2009},
  publisher={SIAM}
}

@Article{chi2012tensors,
  author =       {E.~C. Chi and T.~G. Kolda},
  title =        {On Tensors, Sparsity, and Nonnegative Factorizations},
  journal =      {SIAM Journal on Matrix Analysis and Applications},
  year =         {2012},
  OPTkey =       {},
  volume =       {33},
  number =       {4},
  pages =        {1272--1299},
  OPTmonth =     {},
  OPTnote =      {},
  OPTannote =    {}
}


@article{ermis2014bayesian,
  title={A Bayesian tensor factorization model via variational inference for link prediction},
  author={Ermis, Beyza and Cemgil, A Taylan},
  journal={arXiv preprint arXiv:1409.8276},
  year={2014}
}

@InCollection{paisley2014bayesian,
  author =       {Paisley, John and Blei, David M. and Jordan, Michael I.},
  title =        {{B}ayesian Nonnegative Matrix Factorization with Stochastic Variational Inference},
  booktitle =    {Handbook of Mixed Membership Models and Their Applications},
  OPTcrossref =  {},
  OPTkey =       {},
  OPTpublisher = {Chapman and Hall/CRC},
  year =      {2014},
  editor =    {Edoardo M. Airoldi and David M. Blei and Elena A. Erosheva and Stephen E. Fienberg},
  OPTvolume =    {},
  OPTnumber =    {},
  OPTseries =    {},
  OPTtype =      {},
  OPTchapter =   {},
  pages =     {203--222},
  OPTedition =   {},
  OPTmonth =     {},
  OPTaddress =   {},
  OPTnote =      {},
  OPTannote =    {}
}

@inproceedings{hu2015scalable,
  title={Scalable {B}ayesian non-negative tensor factorization for massive count data},
  author={Hu, Changwei and Rai, Piyush and Chen, Changyou and Harding, Matthew and Carin, Lawrence},
  booktitle={Joint European Conference on Machine Learning and Knowledge Discovery in Databases},
  pages={53--70},
  year={2015},
  organization={Springer}
}

@InProceedings{schein2015bayesian,
  author =       {A. Schein and J. Paisley and D.~M. Blei and H. Wallach},
  title =        {{B}ayesian {Poisson} Tensor Factorization for Inferring Multilateral Relations from Sparse Dyadic Event Counts},
  OPTcrossref =  {},
  OPTkey =       {},
  booktitle =    {Proceedings of the Twenty-First ACM SIGKDD International Conference on Knowledge Discovery and Data Mining},
  year =         {2015},
  OPTeditor =    {},
  OPTvolume =    {},
  OPTnumber =    {},
  OPTseries =    {},
  pages =        {1045--1054},
  OPTmonth =     {},
  OPTaddress =   {},
  OPTorganization = {},
  OPTpublisher = {},
  OPTnote =      {},
  OPTannote =    {}
}


@InProceedings{schein2016bayesian,
  author={Schein, Aaron and Zhou, Mingyuan and Blei, David M. and Wallach, Hanna},
  title={Bayesian {P}oisson {T}ucker decomposition for learning the structure of international relations},
  OPTcrossref =  {},
  OPTkey =       {},
  booktitle = {Proceedings of the 33rd International Conference on Machine Learning},
  year =      {2016},
  OPTeditor =    {},
  OPTvolume =    {},
  OPTnumber =    {},
  OPTseries =    {},
  OPTpages =     {},
  OPTmonth =     {},
  OPTaddress =   {},
  OPTorganization = {},
  OPTpublisher = {},
  OPTnote =      {},
  OPTannote =    {}
}

@article{cemgil2019bayesian,
  title={Bayesian Allocation Model: {I}nference by Sequential {M}onte {C}arlo for Nonnegative Tensor Factorizations and Topic Models using {P}olya {U}rns},
  author={Cemgil, Ali Taylan and Kurutmaz, Mehmet Burak and Yildirim, Sinan and Barsbey, Melih and Simsekli, Umut},
  journal={arXiv preprint arXiv:1903.04478},
  year={2019}
}


@Article{harshman1970foundations,
  author =       {R. Harshman},
  title =        {Foundations of the {PARAFAC} Procedure: Models and Conditions for an ``Explanatory'' Multimodal Factor Analysis},
  journal =      {UCLA Working Papers in Phonetics},
  year =         {1970},
  OPTkey =       {},
  volume =       {16},
  OPTnumber =    {},
  pages =        {1--84},
  OPTmonth =     {},
  OPTnote =      {},
  OPTannote =    {}
}

@InCollection{tucker1964extension,
  author =       {L.~R. Tucker},
  title =        {The Extension of Factor Analysis to Three-Dimensional Matrices},
  booktitle =    {Contributions to Mathematical Psychology},
  OPTcrossref =  {},
  OPTkey =       {},
  publisher =    {Holt, Rinehart and Winston},
  year =         {1964},
  editor =       {N. Frederiksen and H. Gulliksen},
  OPTvolume =    {},
  OPTnumber =    {},
  OPTseries =    {},
  OPTtype =      {},
  OPTchapter =   {},
  OPTpages =     {},
  OPTedition =   {},
  OPTmonth =     {},
  OPTaddress =   {},
  OPTnote =      {},
  OPTannote =    {}
}

@Unpublished{leetaru2013gdelt,
  author =       {K. Leetaru and P. Schrodt},
  title =        {{GDELT}: {G}lobal Data on Events, Location, and Tone, 1979--2012},
  note =         {Working paper},
  OPTkey =       {},
  OPTmonth =     {},
  year =         {2013},
  OPTannote =    {}
}

@Misc{boscheeicews,
  OPTkey =       {},
  author =       {E. Boschee and J. Lautenschlager and S. {O'B}rien and S. Shellman and J. Starz and M. Ward},
  title =        {{ICEWS} Coded Event Data},
  year  =      {2015},
  howpublished = {Harvard Dataverse},
  OPTmonth =     {},
  OPTyear =      {},
  note =         {V10},
  OPTannote =    {}
}

@Misc{neuripscorpus,
  OPTkey =       {},
  author =       {},
  title =        {{NeurIPS} corpus},
  howpublished = {{UCI} Machine Learning Repository},
  OPTmonth =     {},
  OPTyear =      {},
  note =         {},
  OPTannote =    {}
}

@Misc{dblp,
  OPTkey =       {},
  author =       {},
  title =        {{dblp computer science bibliography}},
  howpublished = {\url{http://dblp.uni-trier.de/}},
  OPTmonth =     {},
  OPTyear =      {},
  note =         {},
  OPTannote =    {}
}

@Misc{sotu,
  OPTkey =       {},
  author =       {},
  title =        {{State of the Union Addresses (1790-2006) by United States Presidents}},
  howpublished = {\url{https://www.gutenberg.org/ebooks/5050?msg=welcome_stranger}},
  OPTmonth =     {},
  OPTyear =      {},
  note =         {},
  OPTannote =    {}
}

@book{johnson2005univariate,
  title={Univariate discrete distributions},
  author={Johnson, Norman L. and Kemp, Adrienne W. and Kotz, Samuel},
  year={2005}
}

@article{zhou2016augmentable,
  title={Augmentable gamma belief networks},
  author={Zhou, Mingyuan and Cong, Yulai and Chen, Bo},
  journal={The Journal of Machine Learning Research},
  volume={17},
  number={1},
  pages={5656--5699},
  year={2016},
  publisher={JMLR. org}
}

@article{williams2018unsupervised,
  title={Unsupervised discovery of demixed, low-dimensional neural dynamics across multiple timescales through tensor component analysis},
  author={Williams, Alex H and Kim, Tony Hyun and Wang, Forea and Vyas, Saurabh and Ryu, Stephen I and Shenoy, Krishna V and Schnitzer, Mark and Kolda, Tamara G and Ganguli, Surya},
  journal={Neuron},
  volume={98},
  number={6},
  pages={1099--1115},
  year={2018},
  publisher={Elsevier}
}

@article{schrodt1995event,
  title={Event data in foreign policy analysis},
  author={Schrodt, Philip A},
  journal={Foreign Policy Analysis: Continuity and Change in Its Second Generation},
  pages={145--166},
  year={1995},
  publisher={Prentice Hall Englewood Cliffs, NJ}
}

@article{fisher1922interpretation,
  title={On the interpretation of $\chi$ 2 from contingency tables, and the calculation of P},
  author={Fisher, Ronald A},
  journal={Journal of the Royal Statistical Society},
  volume={85},
  number={1},
  pages={87--94},
  year={1922},
  publisher={JSTOR}
}

@article{steel1953relation,
  title={Relation between {P}oisson and multinomial distributions},
  author={Steel, Robert GD},
  year={1953}
}

@inproceedings{gopalan2015scalable,
  title={Scalable Recommendation with Hierarchical {P}oisson Factorization.},
  author={Gopalan, Prem and Hofman, Jake M and Blei, David M},
  booktitle={UAI},
  pages={326--335},
  year={2015}
}

@article{devroye2002simulating,
  title={Simulating {B}essel random variables},
  author={Devroye, Luc},
  journal={Statistics \& Probability Letters},
  volume={57},
  number={3},
  pages={249--257},
  year={2002}
}

@article{bhattacharya2012simplex,
  title={Simplex factor models for multivariate unordered categorical data},
  author={Bhattacharya, Anirban and Dunson, David B},
  journal={Journal of the American Statistical Association},
  volume={107},
  number={497},
  pages={362--377},
  year={2012},
  publisher={Taylor \& Francis Group}
}

@article{kunihama2013bayesian,
  title={Bayesian modeling of temporal dependence in large sparse contingency tables},
  author={Kunihama, Tsuyoshi and Dunson, David B},
  journal={Journal of the American Statistical Association},
  volume={108},
  number={504},
  pages={1324--1338},
  year={2013},
  publisher={Taylor \& Francis Group}
}


@inproceedings{fevotte2013non,
  title={Non-negative dynamical system with application to speech and audio},
  author={F{\'e}votte, C{\'e}dric and Le Roux, Jonathan and Hershey, John R},
  booktitle={2013 IEEE International Conference on Acoustics, Speech and Signal Processing},
  pages={3158--3162},
  year={2013},
  organization={IEEE}
}
